<?xml version='1.0' encoding='UTF-8'?>
<record xmlns="http://www.loc.gov/MARC21/slim">
  <leader>00935cam a22002295  4500</leader>
  <controlfield tag="001">2788169</controlfield>
  <controlfield tag="003">NjP</controlfield>
  <controlfield tag="005">20171013181109.0</controlfield>
  <controlfield tag="008">991121s1968    iq            000 0 ara d</controlfield>
  <datafield tag="024" ind1="7" ind2=" ">
    <subfield code="a">princeton_aco002402</subfield>
    <subfield code="2">local</subfield>
  </datafield>
  <datafield ind1=" " ind2=" " tag="035">
    <subfield code="a">(OCoLC)ocm42866632</subfield>
  </datafield>
  <datafield ind1=" " ind2=" " tag="035">
    <subfield code="9">CNJ7206TS</subfield>
  </datafield>
  <datafield ind1=" " ind2=" " tag="040">
    <subfield code="a">PUL</subfield>
    <subfield code="c">PUL</subfield>
  </datafield>
  <datafield ind1="1" ind2=" " tag="041">
    <subfield code="a">ara</subfield>
    <subfield code="h">eng</subfield>
  </datafield>
  <datafield ind1="2" ind2=" " tag="100">
    <subfield code="a">Lane-Poole, Stanley,</subfield>
    <subfield code="d">1854-1931.</subfield>
    <subfield code="0">http://id.loc.gov/authorities/names/n50039097</subfield>
  </datafield>
  <datafield ind1="1" ind2="0" tag="245">
    <subfield code="a">Ṭabaqāt salāṭīn al-Islam.</subfield>
    <subfield code="b">Tarjamahu lil-Fārisīyah ʻAbbās Iqbāl; tarjamahu ʻan al-Fārisīyah Makkī Ṭāhir al-Kaʻbī. Haqqaqahu wa-qābalahu ʻAlī al-Baṣrī.</subfield>
  </datafield>
  <datafield ind1="0" ind2="4" tag="246">
    <subfield code="a">Dynasties of Islam</subfield>
  </datafield>
  <datafield ind1=" " ind2=" " tag="260">
    <subfield code="a">[Bagdad]</subfield>
    <subfield code="b">Dār Manshūrāt al-Baṣrī,</subfield>
    <subfield code="c">1968.</subfield>
  </datafield>
  <datafield ind1=" " ind2=" " tag="300">
    <subfield code="a">328 p.</subfield>
    <subfield code="c">24 cm.</subfield>
  </datafield>
  <datafield ind1=" " ind2=" " tag="500">
    <subfield code="a">Arabic translation of the Mohammedan dynasties.</subfield>
  </datafield>
  <datafield ind1=" " ind2="0" tag="651">
    <subfield code="a">Islamic Empire</subfield>
    <subfield code="x">History</subfield>
    <subfield code="v">Chronology.</subfield>
  </datafield>
  <datafield ind1=" " ind2=" " tag="945">
    <subfield code="a">F</subfield>
    <subfield code="b">1</subfield>
    <subfield code="c">2271.5718.389</subfield>
  </datafield>
  <datafield ind1=" " ind2=" " tag="911">
    <subfield code="a">20000130</subfield>
  </datafield>
  <datafield ind1="0" ind2="0" tag="852">
    <subfield code="0">3099133</subfield>
    <subfield code="b">nec</subfield>
    <subfield code="t">1</subfield>
    <subfield code="h">DS38.3</subfield>
    <subfield code="i">.L364 1968</subfield>
  </datafield>
  <datafield ind1=" " ind2=" " tag="959">
    <subfield code="a">2009-06-30 15:28:55 -0400</subfield>
  </datafield>
</record>
